<record><leader>00000cas a22000007a 4500</leader><controlfield tag="001">12859856</controlfield><controlfield tag="008">851202d1842184uwvuwr ne      0    0eng d</controlfield><controlfield tag="009">6116</controlfield><datafield ind1=" " ind2=" " tag="010"><subfield code="a">sn 85059724 </subfield></datafield><datafield ind1=" " ind2=" " tag="040"><subfield code="a">WVC</subfield><subfield code="b">eng</subfield><subfield code="c">WVC</subfield><subfield code="d">DLC</subfield><subfield code="d">OCL</subfield></datafield><datafield ind1=" " ind2=" " tag="042"><subfield code="a">msc</subfield></datafield><datafield ind1="0" ind2="0" tag="245"><subfield code="a">Harrison County whig and western Virginia advertiser.</subfield></datafield><datafield ind1=" " ind2=" " tag="260"><subfield code="a">Clarksburg, Va. [W. Va.] :</subfield><subfield code="b">Wm. McGranaghan &amp; Wm. B. M'Carty,</subfield><subfield code="c">1842-</subfield></datafield><datafield ind1=" " ind2=" " tag="300"><subfield code="a">v.</subfield></datafield><datafield ind1=" " ind2=" " tag="310"><subfield code="a">Weekly</subfield></datafield><datafield ind1="0" ind2=" " tag="362"><subfield code="a">Vol. 3, no. 14 (Nov. 17, 1842)-</subfield></datafield><datafield ind1=" " ind2=" " tag="752"><subfield code="a">United States</subfield><subfield code="b">West Virginia</subfield><subfield code="c">Harrison</subfield><subfield code="d">Clarksburg.</subfield></datafield><datafield ind1="0" ind2="0" tag="780"><subfield code="t">Harrison whig</subfield><subfield code="w">(DLC)sn 85059723</subfield></datafield></record>